@conference{provenwiki,
	Booktitle = {http://en.wikipedia.org/wiki/Provenance},
	Owner = {Wikipedia},
	Quality = {1},
	Title = {Provenance}
}

@inproceedings{yang2012defining,
  title={Defining and Evaluating Network Communities based on Ground-truth},
  author={Yang, Jaewon and Leskovec, Jure},
  booktitle={Proceedings of the ACM SIGKDD Workshop on Mining Data Semantics},
  pages={3},
  year={2012},
  organization={ACM}
}

@misc{twitters,
  title = {Twitter Statistics},
  howpublished = {\url{http://www.statisticbrain.com/twitter-statistics/}}
}
@misc{twitteredge,
  title = {Twitter Edge Statistics},
  howpublished = {\url{http://www.theguardian.com/technology/blog/2009/jun/29/twitter-users-average-api-traffic}}
}
@misc{propertygraph,
  title = {Property Graph},
  howpublished = {\url{http://www.w3.org/community/propertygraphs/}}
}
@misc{darshanlog2013,
  title = {FTP site: Darshan data.},
  howpublished = {\url{ftp://ftp.mcs.anl.gov/pub/darshan/data/}}
}
@book{demetrescu2009shortest,
  title={The Shortest Path Problem: Ninth DIMACS Implementation Challenge},
  author={Demetrescu, Camil and Goldberg, Andrew V and Johnson, David S},
  volume={74},
  year={2009},
  publisher={American Mathematical Soc.}
}
@inproceedings{faloutsos1999power,
  title={On Power-Law Relationships of the Internet Topology},
  author={Faloutsos, Michalis and Faloutsos, Petros and Faloutsos, Christos},
  booktitle={ACM SIGCOMM Computer Communication Review},
  volume={29},
  number={4},
  pages={251--262},
  year={1999},
  organization={ACM}
}
@inproceedings{gonzalez2012powergraph,
  title={PowerGraph: Distributed Graph-Parallel Computation on Natural Graphs.},
  author={Gonzalez, Joseph E and Low, Yucheng and Gu, Haijie and Bickson, Danny and Guestrin, Carlos},
  booktitle={OSDI},
  volume={12},
  number={1},
  pages={2},
  year={2012}
}
@inproceedings{abou2006multilevel,
  title={Multilevel Algorithms for Partitioning Power-Law Graphs},
  author={Abou-Rjeili, Amine and Karypis, George},
  booktitle={Parallel and Distributed Processing Symposium, 2006. IPDPS 2006. 20th International},
  pages={10--pp},
  year={2006},
  organization={IEEE}
}
@misc{provchallengeweb,
  title = {Provenance Challenges},
  howpublished = {\url{http://twiki.ipaw.info/bin/view/Challenge/}}
}

@misc{allegrograph,
  title = {AllegroGraph},
  howpublished = {\url{http://franz.com/agraph/allegrograph/}}
}
@misc{dex,
  title = {DEX},
  howpublished = {\url{http://www.sparsity-technologies.com/}}
}
@phdthesis{steinhaus2010g,
  title={G-Store: A Storage Manager for Graph Data},
  author={Steinhaus, Robin and Olteanu, Dan and Furche, Tim},
  year={2010},
  school={Citeseer}
}
@incollection{iordanov2010hypergraphdb,
  title={HyperGraphDB: a Generalized Graph Database},
  author={Iordanov, Borislav},
  booktitle={Web-Age Information Management},
  pages={25--36},
  year={2010},
  publisher={Springer}
}
@misc{igraph,
  title = {InfiniteGraph},
  howpublished = {\url{http://www.objectivity.com/infinitegraph}}
}
@misc{titan,
  title = {Titan},
  howpublished = {\url{http://thinkaurelius.github.io/titan/}}
}
@misc{gigraph,
  title = {Gigraph},
  howpublished = {\url{http://giraph.apache.org/}}
}
@book{berge1973graphs,
  title={Graphs and Hypergraphs},
  author={Berge, Claude and Minieka, Edward},
  volume={7},
  year={1973},
  publisher={North-Holland publishing company Amsterdam}
}
@inproceedings{malewicz2010pregel,
  title={Pregel: a System for Large-Scale Graph Processing},
  author={Malewicz, Grzegorz and Austern, Matthew H and Bik, Aart JC and Dehnert, James C and Horn, Ilan and Leiser, Naty and Czajkowski, Grzegorz},
  booktitle={Proceedings of the 2010 ACM SIGMOD International Conference on Management of data},
  pages={135--146},
  year={2010},
  organization={ACM}
}
@inproceedings{xin2013graphx,
  title={GraphX: A Resilient Distributed Graph System on Spark},
  author={Xin, Reynold S and Gonzalez, Joseph E and Franklin, Michael J and Stoica, Ion},
  booktitle={First International Workshop on Graph Data Management Experiences and Systems},
  pages={2},
  year={2013},
  organization={ACM}
}
@inproceedings{zaharia2010spark,
  title={Spark: Cluster Computing with Working Sets},
  author={Zaharia, Matei and Chowdhury, Mosharaf and Franklin, Michael J and Shenker, Scott and Stoica, Ion},
  booktitle={Proceedings of the 2nd USENIX conference on Hot topics in cloud computing},
  pages={10--10},
  year={2010}
}
@article{low2010graphlab,
  title={Graphlab: A New Framework for Parallel Machine Learning},
  author={Low, Yucheng and Gonzalez, Joseph and Kyrola, Aapo and Bickson, Danny and Guestrin, Carlos and Hellerstein, Joseph M},
  journal={arXiv preprint arXiv:1006.4990},
  year={2010}
}
@inproceedings{roy2013x,
  title={X-stream: Edge-Centric Graph Processing using Streaming Partitions},
  author={Roy, Amitabha and Mihailovic, Ivo and Zwaenepoel, Willy},
  booktitle={Proceedings of the Twenty-Fourth ACM Symposium on Operating Systems Principles},
  pages={472--488},
  year={2013},
  organization={ACM}
}

@inproceedings{webber2012programmatic,
  title={A Programmatic Introduction to Neo4j},
  author={Webber, Jim},
  booktitle={Proceedings of the 3rd annual conference on Systems, programming, and applications: software for humanity},
  pages={217--218},
  year={2012},
  organization={ACM}
}


@article{kim2012sbv,
  title={SBV-Cut: Vertex-cut based Graph Partitioning Using Structural Balance Vertices},
  author={Kim, Mijung and Candan, K Sel{\c{c}}uk},
  journal={Data \& Knowledge Engineering},
  volume={72},
  pages={285--303},
  year={2012},
  publisher={Elsevier}
}

@inproceedings{patil2011scale,
  title={Scale and Concurrency of GIGA+: File System Directories with Millions of Files.},
  author={Patil, Swapnil and Gibson, Garth A},
  booktitle={FAST},
  volume={11},
  pages={13--13},
  year={2011}
}


@article{moreau2011open,
  title={The Open Provenance Model Core Specification (v1. 1)},
  author={Moreau, Luc and Clifford, Ben and Freire, Juliana and Futrelle, Joe and Gil, Yolanda and Groth, Paul and Kwasnikowska, Natalia and Miles, Simon and Missier, Paolo and Myers, Jim and others},
  journal={Future Generation Computer Systems},
  volume={27},
  number={6},
  pages={743--756},
  year={2011},
  publisher={Elsevier}
}

@article{simmhan2005survey,
  title={A Survey of Data Provenance in e-science},
  author={Simmhan, Yogesh L and Plale, Beth and Gannon, Dennis},
  journal={ACM Sigmod Record},
  volume={34},
  number={3},
  pages={31--36},
  year={2005},
  publisher={ACM}
}

@article{silva2007provenance,
  title={Provenance for Visualizations: Reproducibility and Beyond},
  author={Silva, Claudio T and Freire, Juliana and Callahan, Steven P},
  journal={Computing in Science \& Engineering},
  volume={9},
  number={5},
  pages={82--89},
  year={2007},
  publisher={AIP Publishing}
}

@inproceedings{jouili2013empirical,
  title={An Empirical Comparison of Graph Databases},
  author={Jouili, Salim and Vansteenberghe, Valentin},
  booktitle={Social Computing (SocialCom), 2013 International Conference on},
  pages={708--715},
  year={2013},
  organization={IEEE}
}

@book{tanenbaum1992modern,
  title={Modern Operating Systems},
  author={Tanenbaum, Andrew S and Tannenbaum, Andrew},
  volume={2},
  year={1992},
  publisher={Prentice hall Englewood Cliffs}
}

@article{ritchie1978unix,
  title={UNIX Time-sharing System: A Retrospective},
  author={Ritchie, Dennis M},
  journal={Bell System Technical Journal, The},
  volume={57},
  number={6},
  pages={1947--1969},
  year={1978},
  publisher={Alcatel-Lucent}
}

@inproceedings{carns200924,
  title={24/7 Characterization of Petascale I/O Workloads},
  author={Carns, Philip and Latham, Robert and Ross, Robert and Iskra, Kamil and Lang, Samuel and Riley, Katherine},
  booktitle={Cluster Computing and Workshops, 2009. CLUSTER'09. IEEE International Conference on},
  pages={1--10},
  year={2009},
  organization={IEEE}
}

@article{carns2011understanding,
  title={Understanding and Improving Computational Science Storage Access through Continuous Characterization},
  author={Carns, Philip and Harms, Kevin and Allcock, William and Bacon, Charles and Lang, Samuel and Latham, Robert and Ross, Robert},
  journal={ACM Transactions on Storage (TOS)},
  volume={7},
  number={3},
  pages={8},
  year={2011},
  publisher={ACM}
}

@inproceedings{muniswamy2006provenance,
  title={Provenance-Aware Storage Systems.},
  author={Muniswamy-Reddy, Kiran-Kumar and Holland, David A and Braun, Uri and Seltzer, Margo I},
  booktitle={USENIX Annual Technical Conference, General Track},
  pages={43--56},
  year={2006}
}


@inproceedings{muniswamy2009layering,
	Author = {Muniswamy-Reddy, Kiran-Kumar and Braun, Uri and Holland, David A and Macko, Peter and Maclean, Diana and Margo, Daniel and Seltzer, Margo and Smogor, Robin},
	Booktitle = {Proceedings of the 2009 USENIX Annual Technical Conference},
	Date-Added = {2014-04-22 16:34:49 +0000},
	Date-Modified = {2014-04-22 16:35:07 +0000},
	Title = {Layering in Provenance Systems},
	Year = {2009}}


@incollection{braun2006issues,
	Author = {Braun, Uri and Garfinkel, Simson and Holland, David A and Muniswamy-Reddy, Kiran-Kumar and Seltzer, Margo I},
	Booktitle = {Provenance and annotation of data},
	Pages = {171--183},
	Publisher = {Springer},
	Title = {Issues in Automatic Provenance Collection},
	Year = {2006}}

@inproceedings{guillaume2002web,
  title={The Web Graph: an Overview},
  author={Guillaume, Jean-Loup and Latapy, Matthieu and others},
  booktitle={Actes d'ALGOTEL'02 (Quatri{\`e}mes Rencontres Francophones sur les aspects Algorithmiques des T{\'e}l{\'e}communications)},
  year={2002}
}
